<?xml version="1.0" encoding="UTF-8"?><collection xmlns="http://www.loc.gov/MARC21/slim"><record><leader>00349nam--2200133-i-4500</leader><controlfield tag="001">000006191</controlfield><controlfield tag="002">20161230</controlfield><controlfield tag="005">20161230201026</controlfield><controlfield tag="008">060222s1000------------r-----000-0-eng-d</controlfield><datafield ind1=" " ind2=" " tag="100"><subfield code="a">Achermann, A.H</subfield></datafield><datafield ind1=" " ind2=" " tag="245"><subfield code="a">The turn-table for the 2 m liquid hydrogen bubble chamber</subfield></datafield><datafield ind1=" " ind2=" " tag="260"><subfield code="a">Geneve, Cern, 1963 7 P. +  9 Figuri</subfield></datafield><datafield ind1=" " ind2=" " tag="490"><subfield code="a">63-6</subfield></datafield><datafield ind1=" " ind2=" " tag="852"><subfield code="a">13458</subfield></datafield></record></collection>